@article{correia2019verifying,
  title={Verifying the existence of maximum likelihood estimates for generalized linear models},
  author={Correia, Sergio and Guimar{\~a}es, Paulo and Zylkin, Thomas},
  journal={arXiv preprint arXiv:1903.01633},
  year={2019}
}
