@article{hafemeister2019normalization,
  title={Normalization and variance stabilization of single-cell RNA-seq data using regularized negative binomial regression},
  author={Hafemeister, Christoph and Satija, Rahul},
  journal={Genome biology},
  volume={20},
  number={1},
  pages={296},
  year={2019},
  publisher={Springer}
}

@article{lause2021analytic,
  title={Analytic Pearson residuals for normalization of single-cell RNA-seq UMI data},
  author={Lause, Jan and Berens, Philipp and Kobak, Dmitry},
  journal={Genome biology},
  volume={22},
  pages={1--20},
  year={2021},
  publisher={Springer}
}